<?xml version="1.0" encoding="UTF-8"?>
<record xmlns="http://www.loc.gov/MARC21/slim" xmlns:xsi="http://www.w3.org/2001/XMLSchema-instance" xsi:schemaLocation="http://www.loc.gov/MARC21/slim http://www.loc.gov/standards/marcxml/schema/MARC21slim.xsd">
<leader>00000cam a22      a 4500</leader>
<controlfield tag="001">001674721</controlfield>
<controlfield tag="003">NNU</controlfield>
<controlfield tag="005">20150730174644.0</controlfield>
<controlfield tag="008">001208s1961    iq            000 0 ara d</controlfield>
<datafield tag="035" ind1=" " ind2=" ">
<subfield code="a">(OCoLC)54361273</subfield>
</datafield>
<datafield tag="040" ind1=" " ind2=" ">
<subfield code="a">PUL</subfield>
<subfield code="b">eng</subfield>
<subfield code="c">PUL</subfield>
<subfield code="d">OCLCQ</subfield>
<subfield code="d">OCLCO</subfield>
<subfield code="d">OCLCF</subfield>
<subfield code="d">NNU</subfield>
</datafield>
<datafield tag="050" ind1=" " ind2="4">
<subfield code="a">DS79.9.B3</subfield>
<subfield code="b">H8 1961</subfield>
</datafield>
<datafield tag="100" ind1="1" ind2=" ">
<subfield code="6">880-01</subfield>
<subfield code="a">Ḥuwayzī, ʻAbd ʻAlī ibn Nāṣir,</subfield>
<subfield code="d">-1643 or 1644.</subfield>
</datafield>
<datafield tag="245" ind1="1" ind2="0">
<subfield code="6">880-02</subfield>
<subfield code="a">Tārīkh al-imārah al-Afrāsīyābīyah : aw ḥalqah mafqūdah mion taʼrīkh al-Baṣrah /</subfield>
<subfield code="c">bi-qalam Muḥammad al-Khāl.</subfield>
</datafield>
<datafield tag="260" ind1=" " ind2=" ">
<subfield code="6">880-03</subfield>
<subfield code="a">[Baghdad] :</subfield>
<subfield code="b">Maṭbaʻat al-Mujamaʻ al-ʻImī al-ʻIrāqī,</subfield>
<subfield code="c">1961.</subfield>
</datafield>
<datafield tag="300" ind1=" " ind2=" ">
<subfield code="a">48 p. ;</subfield>
<subfield code="c">21 cm.</subfield>
</datafield>
<datafield tag="336" ind1=" " ind2=" ">
<subfield code="a">text</subfield>
<subfield code="b">txt</subfield>
<subfield code="2">rdacontent</subfield>
</datafield>
<datafield tag="337" ind1=" " ind2=" ">
<subfield code="a">unmediated</subfield>
<subfield code="b">n</subfield>
<subfield code="2">rdamedia</subfield>
</datafield>
<datafield tag="490" ind1="1" ind2=" ">
<subfield code="6">880-04</subfield>
<subfield code="a">Majmaʻ al-ʻIlmī al-ʻIrāqī</subfield>
</datafield>
<datafield tag="650" ind1=" " ind2="0">
<subfield code="a">Afrasiyabids.</subfield>
</datafield>
<datafield tag="650" ind1=" " ind2="7">
<subfield code="a">Afrasiyabids.</subfield>
<subfield code="2">fast</subfield>
<subfield code="0">(OCoLC)fst00798962</subfield>
</datafield>
<datafield tag="700" ind1="1" ind2=" ">
<subfield code="6">880-05</subfield>
<subfield code="a">Khāl, Muḥammad.</subfield>
</datafield>
<datafield tag="880" ind1="1" ind2=" ">
<subfield code="6">100-01/</subfield>
<subfield code="a">حويزي، عبد علي بن ناصر،</subfield>
<subfield code="d">-1643 or 1644.</subfield>
</datafield>
<datafield tag="880" ind1="1" ind2="0">
<subfield code="6">245-02/</subfield>
<subfield code="a">تاريخ الامارة الافراسيابية : او حلقة مفقودة من تأريخ البصرة /</subfield>
<subfield code="c">بقلم محمد الخال.</subfield>
</datafield>
<datafield tag="880" ind1=" " ind2=" ">
<subfield code="6">260-03/</subfield>
<subfield code="a">[بغداد] :</subfield>
<subfield code="b">مطبعة المجمع العلمي العراقي،</subfield>
<subfield code="c">1961.</subfield>
</datafield>
<datafield tag="880" ind1="1" ind2=" ">
<subfield code="6">490-04/</subfield>
<subfield code="a">مجمع العلمى العراقى</subfield>
</datafield>
<datafield tag="880" ind1="1" ind2=" ">
<subfield code="6">700-05/</subfield>
<subfield code="a">خال، محمد.</subfield>
</datafield>
<datafield tag="830" ind1=" " ind2="0">
<subfield code="6">880-06</subfield>
<subfield code="a">Majmaʻ al-ʻIlmī al-ʻIrāqī.</subfield>
</datafield>
<datafield tag="880" ind1=" " ind2="0">
<subfield code="6">830-06/</subfield>
<subfield code="a">مجمع العلمى العراقى.</subfield>
</datafield>
<datafield tag="OWN" ind1=" " ind2=" ">
<subfield code="a">GENERAL</subfield>
</datafield>
<datafield tag="AVA" ind1=" " ind2=" ">
<subfield code="a">NYU50</subfield>
<subfield code="b">BOBST</subfield>
<subfield code="c">Main Collection</subfield>
<subfield code="d">DS79.9.B3 H8 1961</subfield>
<subfield code="e">unavailable</subfield>
<subfield code="t">Unavailable</subfield>
<subfield code="f">1</subfield>
<subfield code="g">1</subfield>
<subfield code="h">N</subfield>
<subfield code="i">0</subfield>
<subfield code="j">MAIN</subfield>
<subfield code="k">0</subfield>
</datafield>
</record>
